@article{Cressie1990,
    title     = {The origins of kriging},
    volume    = {22},
    issn      = {1573-8868},
    url       = {http://dx.doi.org/10.1007/BF00889887},
    doi       = {10.1007/bf00889887},
    number    = {3},
    journal   = {Mathematical Geology},
    publisher = {Springer Science and Business Media LLC},
    author    = {Cressie,  Noel},
    year      = {1990},
    month     = apr,
    pages     = {239–252}
}

@article{JFYZ200407034,
    author  = {张利彪,周春光,马铭,刘小华},
    title   = {基于粒子群算法求解多目标优化问题},
    journal = {计算机研究与发展},
    volume  = {},
    number  = {07},
    pages   = {1286-1291},
    year    = {2004},
    issn    = {1000-1239},
    doi     = {}
}
